<?xml version="1.0" encoding="UTF-8"?><record xmlns="http://www.loc.gov/MARC21/slim" xmlns:cinclude="http://apache.org/cocoon/include/1.0" xmlns:zs="http://www.loc.gov/zing/srw/">
  <leader>00450nz  a2200133n  4500</leader>
  <controlfield tag="001">n  93803941 </controlfield>
  <controlfield tag="003">DLC</controlfield>
  <controlfield tag="005">19931020152055.3</controlfield>
  <controlfield tag="008">931020n| acannaab|          |n ana ||| b</controlfield>
  <datafield tag="010" ind1=" " ind2=" ">
    <subfield code="a">n  93803941 </subfield>
  </datafield>
  <datafield tag="040" ind1=" " ind2=" ">
    <subfield code="a">DNLM</subfield>
    <subfield code="c">DLC</subfield>
  </datafield>
  <datafield tag="110" ind1="2" ind2="0">
    <subfield code="a">Crews Control (Firm)</subfield>
  </datafield>
  <datafield tag="670" ind1=" " ind2=" ">
    <subfield code="a">Mental health in nursing, c1993:</subfield>
    <subfield code="b">credit frame (Crews Control)</subfield>
  </datafield>
  <datafield tag="670" ind1=" " ind2=" ">
    <subfield code="a">Phone call to Crews Control, 9/6/93</subfield>
    <subfield code="b">(Crews Control is a video production facility located in Silver Spring, Md.)</subfield>
  </datafield>
</record>